%% This BibTeX bibliography file was created using BibDesk.
%% http://bibdesk.sourceforge.net/


%% Created for Kazimierz Sliwa at 2012-07-19 12:38:29 -0400 


%% Saved with string encoding Unicode (UTF-8) 



@article{Wilson+2000,
	Adsnote = {Provided by the SAO/NASA Astrophysics Data System},
	Adsurl = {http://adsabs.harvard.edu/abs/2000ApJ...542..120W},
	Author = {{Wilson}, C.~D. and {Scoville}, N. and {Madden}, S.~C. and {Charmandaris}, V.},
	Date-Added = {2012-07-16 15:08:09 +0000},
	Date-Modified = {2012-07-16 15:08:18 +0000},
	Doi = {10.1086/309504},
	Eprint = {arXiv:astro-ph/0005208},
	Journal = {\apj},
	Keywords = {galaxies: individual (NGC 4038/9), Galaxies: ISM, ISM: Molecules, Radio Lines: Galaxies},
	Month = oct,
	Pages = {120-127},
	Title = {{High-Resolution Imaging of Molecular Gas and Dust in the Antennae (NGC 4038/39): Super Giant Molecular Complexes}},
	Volume = 542,
	Year = 2000,
	Bdsk-Url-1 = {http://dx.doi.org/10.1086/309504}}

@article{Genzel+1998,
	Adsnote = {Provided by the SAO/NASA Astrophysics Data System},
	Adsurl = {http://adsabs.harvard.edu/abs/1998ApJ...498..579G},
	Author = {{Genzel}, R. and {Lutz}, D. and {Sturm}, E. and {Egami}, E. and {Kunze}, D. and {Moorwood}, A.~F.~M. and {Rigopoulou}, D. and {Spoon}, H.~W.~W. and {Sternberg}, A. and {Tacconi-Garman}, L.~E. and {Tacconi}, L. and {Thatte}, N.},
	Date-Added = {2012-07-16 02:12:13 +0000},
	Date-Modified = {2012-07-16 02:12:18 +0000},
	Doi = {10.1086/305576},
	Eprint = {arXiv:astro-ph/9711255},
	Journal = {\apj},
	Keywords = {GALAXIES: STELLAR CONTENT, GALAXIES: STARBURST, GALAXIES: NUCLEI, INFRARED: GALAXIES},
	Month = may,
	Pages = {579},
	Title = {{What Powers Ultraluminous IRAS Galaxies?}},
	Volume = 498,
	Year = 1998,
	Bdsk-Url-1 = {http://dx.doi.org/10.1086/305576}}

@article{Genzel+2010,
	Adsnote = {Provided by the SAO/NASA Astrophysics Data System},
	Adsurl = {http://adsabs.harvard.edu/abs/2010MNRAS.407.2091G},
	Archiveprefix = {arXiv},
	Author = {{Genzel}, R. and {Tacconi}, L.~J. and {Gracia-Carpio}, J. and {Sternberg}, A. and {Cooper}, M.~C. and {Shapiro}, K. and {Bolatto}, A. and {Bouch{\'e}}, N. and {Bournaud}, F. and {Burkert}, A. and {Combes}, F. and {Comerford}, J. and {Cox}, P. and {Davis}, M. and {Schreiber}, N.~M.~F. and {Garcia-Burillo}, S. and {Lutz}, D. and {Naab}, T. and {Neri}, R. and {Omont}, A. and {Shapley}, A. and {Weiner}, B.},
	Date-Added = {2012-07-16 02:11:46 +0000},
	Date-Modified = {2012-07-16 02:11:52 +0000},
	Doi = {10.1111/j.1365-2966.2010.16969.x},
	Eprint = {1003.5180},
	Journal = {\mnras},
	Keywords = {stars: formation, ISM: molecules, galaxies: evolution, galaxies: ISM, galaxies: starbursts},
	Month = oct,
	Pages = {2091-2108},
	Primaryclass = {astro-ph.CO},
	Title = {{A study of the gas-star formation relation over cosmic time}},
	Volume = 407,
	Year = 2010,
	Bdsk-Url-1 = {http://dx.doi.org/10.1111/j.1365-2966.2010.16969.x}}

@article{Daddi+2010,
	Adsnote = {Provided by the SAO/NASA Astrophysics Data System},
	Adsurl = {http://adsabs.harvard.edu/abs/2010ApJ...714L.118D},
	Archiveprefix = {arXiv},
	Author = {{Daddi}, E. and {Elbaz}, D. and {Walter}, F. and {Bournaud}, F. and {Salmi}, F. and {Carilli}, C. and {Dannerbauer}, H. and {Dickinson}, M. and {Monaco}, P. and {Riechers}, D.},
	Date-Added = {2012-07-16 02:09:47 +0000},
	Date-Modified = {2012-07-16 02:09:51 +0000},
	Doi = {10.1088/2041-8205/714/1/L118},
	Eprint = {1003.3889},
	Journal = {\apjl},
	Keywords = {cosmology: observations, galaxies: evolution, galaxies: formation, galaxies: starburst, infrared: galaxies},
	Month = may,
	Pages = {L118-L122},
	Primaryclass = {astro-ph.CO},
	Title = {{Different Star Formation Laws for Disks Versus Starbursts at Low and High Redshifts}},
	Volume = 714,
	Year = 2010,
	Bdsk-Url-1 = {http://dx.doi.org/10.1088/2041-8205/714/1/L118}}

@article{Alonso-Herrero+2009,
	Adsnote = {Provided by the SAO/NASA Astrophysics Data System},
	Adsurl = {http://adsabs.harvard.edu/abs/2009ApJ...697..660A},
	Archiveprefix = {arXiv},
	Author = {{Alonso-Herrero}, A. and {Rieke}, G.~H. and {Colina}, L. and {Pereira-Santaella}, M. and {Garc{\'{\i}}a-Mar{\'{\i}}n}, M. and {Smith}, J.-D.~T. and {Brandl}, B. and {Charmandaris}, V. and {Armus}, L.},
	Date-Added = {2012-07-16 02:06:06 +0000},
	Date-Modified = {2012-07-16 02:06:15 +0000},
	Doi = {10.1088/0004-637X/697/1/660},
	Eprint = {0903.1495},
	Journal = {\apj},
	Keywords = {galaxies: evolution, galaxies: individual: Arp299, galaxies: nuclei, galaxies: Seyfert, galaxies: structure, infrared: galaxies},
	Month = may,
	Pages = {660-675},
	Primaryclass = {astro-ph.GA},
	Title = {{The Extreme Star Formation Activity of Arp 299 Revealed by Spitzer IRS Spectral Mapping}},
	Volume = 697,
	Year = 2009,
	Bdsk-Url-1 = {http://dx.doi.org/10.1088/0004-637X/697/1/660}}

@article{Alonso-Herrero+2000,
	Adsnote = {Provided by the SAO/NASA Astrophysics Data System},
	Adsurl = {http://adsabs.harvard.edu/abs/2000ApJ...532..845A},
	Author = {{Alonso-Herrero}, A. and {Rieke}, G.~H. and {Rieke}, M.~J. and {Scoville}, N.~Z.},
	Date-Added = {2012-07-16 02:04:59 +0000},
	Date-Modified = {2012-07-16 02:05:06 +0000},
	Doi = {10.1086/308622},
	Eprint = {arXiv:astro-ph/9911534},
	Journal = {\apj},
	Keywords = {GALAXIES: INDIVIDUAL (ARP 299, IC 694, NGC 3690), GALAXIES: INTERACTIONS, GALAXIES: NUCLEI, GALAXIES: PHOTOMETRY, GALAXIES: STELLAR CONTENT, INFRARED: GALAXIES},
	Month = apr,
	Pages = {845-866},
	Title = {{Extreme Star Formation in the Interacting Galaxy Arp 299 (IC 694+NGC 3690)}},
	Volume = 532,
	Year = 2000,
	Bdsk-Url-1 = {http://dx.doi.org/10.1086/308622}}

@article{Alonso-Herrero+2001,
	Adsnote = {Provided by the SAO/NASA Astrophysics Data System},
	Adsurl = {http://adsabs.harvard.edu/abs/2001ApJ...546..952A},
	Author = {{Alonso-Herrero}, A. and {Engelbracht}, C.~W. and {Rieke}, M.~J. and {Rieke}, G.~H. and {Quillen}, A.~C.},
	Date-Added = {2012-07-16 02:04:30 +0000},
	Date-Modified = {2012-07-16 02:04:42 +0000},
	Doi = {10.1086/318282},
	Eprint = {arXiv:astro-ph/0008317},
	Journal = {\apj},
	Keywords = {Galaxies: Active, Galaxies: Individual: NGC Number: NGC 1614, Galaxies: Nuclei, Galaxies: Photometry, Galaxies: Stellar Content, Infrared: Galaxies},
	Month = jan,
	Pages = {952-965},
	Title = {{NGC 1614: A Laboratory for Starburst Evolution}},
	Volume = 546,
	Year = 2001,
	Bdsk-Url-1 = {http://dx.doi.org/10.1086/318282}}

@article{Bryant+1999,
	Adsnote = {Provided by the SAO/NASA Astrophysics Data System},
	Adsurl = {http://adsabs.harvard.edu/abs/1999AJ....117.2632B},
	Author = {{Bryant}, P.~M. and {Scoville}, N.~Z.},
	Date-Added = {2012-07-16 02:01:54 +0000},
	Date-Modified = {2012-07-16 02:02:01 +0000},
	Doi = {10.1086/300879},
	Journal = {\aj},
	Keywords = {GALAXIES: INTERACTIONS, GALAXIES: ISM, GALAXIES: NUCLEI, GALAXIES: SEYFERT, GALAXIES: STARBURST, ISM: MOLECULES},
	Month = jun,
	Pages = {2632-2655},
	Title = {{High-Resolution CO Observations of Luminous Infrared Galaxies}},
	Volume = 117,
	Year = 1999,
	Bdsk-Url-1 = {http://dx.doi.org/10.1086/300879}}

@article{Scoville+1991,
	Adsnote = {Provided by the SAO/NASA Astrophysics Data System},
	Adsurl = {http://adsabs.harvard.edu/abs/1991ApJ...366L...5S},
	Author = {{Scoville}, N.~Z. and {Sargent}, A.~I. and {Sanders}, D.~B. and {Soifer}, B.~T.},
	Date-Added = {2012-07-16 02:00:24 +0000},
	Date-Modified = {2012-07-16 02:00:33 +0000},
	Doi = {10.1086/185897},
	Journal = {\apjl},
	Keywords = {CARBON MONOXIDE, COSMIC DUST, GALACTIC NUCLEI, INTERSTELLAR GAS, STARBURST GALAXIES, EMISSION SPECTRA, GAS DENSITY, INTERSTELLAR MATTER, LUMINOSITY, MOLECULAR GASES, STAR FORMATION},
	Month = jan,
	Pages = {L5-L9},
	Title = {{Dust and gas in the core of ARP 220 (IC 4553)}},
	Volume = 366,
	Year = 1991,
	Bdsk-Url-1 = {http://dx.doi.org/10.1086/185897}}

@article{Sanders+1996,
	Adsnote = {Provided by the SAO/NASA Astrophysics Data System},
	Adsurl = {http://adsabs.harvard.edu/abs/1996ARA%26A..34..749S},
	Author = {{Sanders}, D.~B. and {Mirabel}, I.~F.},
	Date-Added = {2012-07-16 01:59:00 +0000},
	Date-Modified = {2012-07-16 01:59:08 +0000},
	Doi = {10.1146/annurev.astro.34.1.749},
	Journal = {\araa},
	Pages = {749},
	Title = {{Luminous Infrared Galaxies}},
	Volume = 34,
	Year = 1996,
	Bdsk-Url-1 = {http://dx.doi.org/10.1146/annurev.astro.34.1.749},
	Bdsk-File-1 = {YnBsaXN0MDDUAQIDBAUIJidUJHRvcFgkb2JqZWN0c1gkdmVyc2lvblkkYXJjaGl2ZXLRBgdUcm9vdIABqAkKFRYXGyIjVSRudWxs0wsMDQ4RFFpOUy5vYmplY3RzV05TLmtleXNWJGNsYXNzog8QgASABqISE4ACgAOAB1lhbGlhc0RhdGFccmVsYXRpdmVQYXRo0hgNGRpXTlMuZGF0YU8RAeYAAAAAAeYAAgAADE1hY2ludG9zaCBIRAAAAAAAAAAAAAAAAAAAAMv1y25IKwAAAAlk4RdTYW5kZXJzJk1pcmFiZWwxOTk2LnBkZgAAAAAAAAAAAAAAAAAAAAAAAAAAAAAAAAAAAAAAAAAAAAAAAAAAAAAAG2YhzC2mDQAAAAAAAAAAAAEAAwAACSAAAAAAAAAAAAAAAAAAAAALUGFwZXJzTElSR3MAABAACAAAy/YDrgAAABEACAAAzC3eTQAAAAEAFAAJZOEAGXo/AAX7vwAF+74AAMBGAAIAW01hY2ludG9zaCBIRDpVc2VyczoAa2F6aW1pZXJ6c2xpd2E6AERvY3VtZW50czoAUGFwZXJzOgBQYXBlcnNMSVJHczoAU2FuZGVycyZNaXJhYmVsMTk5Ni5wZGYAAA4AMAAXAFMAYQBuAGQAZQByAHMAJgBNAGkAcgBhAGIAZQBsADEAOQA5ADYALgBwAGQAZgAPABoADABNAGEAYwBpAG4AdABvAHMAaAAgAEgARAASAElVc2Vycy9rYXppbWllcnpzbGl3YS9Eb2N1bWVudHMvUGFwZXJzL1BhcGVyc0xJUkdzL1NhbmRlcnMmTWlyYWJlbDE5OTYucGRmAAATAAEvAAAVAAIAFf//AACABdIcHR4fWCRjbGFzc2VzWiRjbGFzc25hbWWjHyAhXU5TTXV0YWJsZURhdGFWTlNEYXRhWE5TT2JqZWN0XxAtLi4vUGFwZXJzL1BhcGVyc0xJUkdzL1NhbmRlcnMmTWlyYWJlbDE5OTYucGRm0hwdJCWiJSFcTlNEaWN0aW9uYXJ5EgABhqBfEA9OU0tleWVkQXJjaGl2ZXIACAARABYAHwAoADIANQA6ADwARQBLAFIAXQBlAGwAbwBxAHMAdgB4AHoAfACGAJMAmACgAooCjAKRApoCpQKpArcCvgLHAvcC/AL/AwwDEQAAAAAAAAIBAAAAAAAAACgAAAAAAAAAAAAAAAAAAAMj}}

@article{Sanders+2003,
	Adsnote = {Provided by the SAO/NASA Astrophysics Data System},
	Adsurl = {http://adsabs.harvard.edu/abs/2003AJ....126.1607S},
	Author = {{Sanders}, D.~B. and {Mazzarella}, J.~M. and {Kim}, D.-C. and {Surace}, J.~A. and {Soifer}, B.~T.},
	Date-Added = {2012-07-16 01:57:50 +0000},
	Date-Modified = {2012-07-16 01:57:55 +0000},
	Doi = {10.1086/376841},
	Eprint = {arXiv:astro-ph/0306263},
	Journal = {\aj},
	Keywords = {Galaxies: General, Infrared Radiation},
	Month = oct,
	Pages = {1607-1664},
	Title = {{The IRAS Revised Bright Galaxy Sample}},
	Volume = 126,
	Year = 2003,
	Bdsk-Url-1 = {http://dx.doi.org/10.1086/376841}}

@article{Sakamoto+2009,
	Adsnote = {Provided by the SAO/NASA Astrophysics Data System},
	Adsurl = {http://adsabs.harvard.edu/abs/2009ApJ...700L.104S},
	Archiveprefix = {arXiv},
	Author = {{Sakamoto}, K. and {Aalto}, S. and {Wilner}, D.~J. and {Black}, J.~H. and {Conway}, J.~E. and {Costagliola}, F. and {Peck}, A.~B. and {Spaans}, M. and {Wang}, J. and {Wiedner}, M.~C.},
	Date-Added = {2012-07-16 01:49:49 +0000},
	Date-Modified = {2012-07-16 01:49:54 +0000},
	Doi = {10.1088/0004-637X/700/2/L104},
	Eprint = {0906.5197},
	Journal = {\apjl},
	Keywords = {galaxies: active, galaxies: evolution, galaxies: individual: Arp 220},
	Month = aug,
	Pages = {L104-L108},
	Primaryclass = {astro-ph.GA},
	Title = {{P Cygni Profiles of Molecular Lines Toward Arp 220 Nuclei}},
	Volume = 700,
	Year = 2009,
	Bdsk-Url-1 = {http://dx.doi.org/10.1088/0004-637X/700/2/L104}}

@article{Sakamoto+2008,
	Adsnote = {Provided by the SAO/NASA Astrophysics Data System},
	Adsurl = {http://adsabs.harvard.edu/abs/2008ApJ...684..957S},
	Archiveprefix = {arXiv},
	Author = {{Sakamoto}, K. and {Wang}, J. and {Wiedner}, M.~C. and {Wang}, Z. and {Peck}, A.~B. and {Zhang}, Q. and {Petitpas}, G.~R. and {Ho}, P.~T.~P. and {Wilner}, D.~J.},
	Date-Added = {2012-07-16 01:48:50 +0000},
	Date-Modified = {2012-07-16 01:48:55 +0000},
	Doi = {10.1086/590484},
	Eprint = {0806.0217},
	Journal = {\apj},
	Keywords = {Galaxies: Evolution, Galaxies: Individual: Name: Arp 220, Galaxies: ISM, Galaxies: Starburst, Galaxies: Quasars: General},
	Month = sep,
	Pages = {957-977},
	Title = {{Submillimeter Array Imaging of the CO(3-2) Line and 860 {$\mu$}m Continuum of Arp 220: Tracing the Spatial Distribution of Luminosity}},
	Volume = 684,
	Year = 2008,
	Bdsk-Url-1 = {http://dx.doi.org/10.1086/590484}}

@article{Sakamoto+2006,
	Adsnote = {Provided by the SAO/NASA Astrophysics Data System},
	Adsurl = {http://adsabs.harvard.edu/abs/2006ApJ...644..862S},
	Author = {{Sakamoto}, K. and {Ho}, P.~T.~P. and {Peck}, A.~B.},
	Date-Added = {2012-07-16 01:48:11 +0000},
	Date-Modified = {2012-07-16 01:48:18 +0000},
	Doi = {10.1086/503827},
	Eprint = {arXiv:astro-ph/0603079},
	Journal = {\apj},
	Keywords = {Galaxies: Evolution, Galaxies: Individual: NGC Number: NGC 3256, Galaxies: Interactions, Galaxies: ISM, Galaxies: Starburst, ISM: Jets and Outflows},
	Month = jun,
	Pages = {862-878},
	Title = {{Imaging Molecular Gas in the Luminous Merger NGC 3256: Detection of High-Velocity Gas and Twin Gas Peaks in the Double Nucleus}},
	Volume = 644,
	Year = 2006,
	Bdsk-Url-1 = {http://dx.doi.org/10.1086/503827}}

@article{Sakamoto+1999,
	Adsnote = {Provided by the SAO/NASA Astrophysics Data System},
	Adsurl = {http://adsabs.harvard.edu/abs/1999ApJ...514...68S},
	Author = {{Sakamoto}, K. and {Scoville}, N.~Z. and {Yun}, M.~S. and {Crosas}, M. and {Genzel}, R. and {Tacconi}, L.~J.},
	Date-Added = {2012-07-16 01:47:12 +0000},
	Date-Modified = {2012-07-16 01:47:17 +0000},
	Doi = {10.1086/306951},
	Eprint = {arXiv:astro-ph/9810325},
	Journal = {\apj},
	Keywords = {GALAXIES: EVOLUTION, GALAXIES: INDIVIDUAL (ARP 220), GALAXIES: INTERACTIONS, GALAXIES: ISM},
	Month = mar,
	Pages = {68-76},
	Title = {{Counterrotating Nuclear Disks in ARP 220}},
	Volume = 514,
	Year = 1999,
	Bdsk-Url-1 = {http://dx.doi.org/10.1086/306951}}

@article{Panuzzo+2010,
	Adsnote = {Provided by the SAO/NASA Astrophysics Data System},
	Adsurl = {http://adsabs.harvard.edu/abs/2010A%26A...518L..37P},
	Archiveprefix = {arXiv},
	Author = {{Panuzzo}, P. and {Rangwala}, N. and {Rykala}, A. and {Isaak}, K.~G. and {Glenn}, J. and {Wilson}, C.~D. and {Auld}, R. and {Baes}, M. and {Barlow}, M.~J. and {Bendo}, G.~J. and {Bock}, J.~J. and {Boselli}, A. and {Bradford}, M. and {Buat}, V. and {Castro-Rodr{\'{\i}}guez}, N. and {Chanial}, P. and {Charlot}, S. and {Ciesla}, L. and {Clements}, D.~L. and {Cooray}, A. and {Cormier}, D. and {Cortese}, L. and {Davies}, J.~I. and {Dwek}, E. and {Eales}, S.~A. and {Elbaz}, D. and {Fulton}, T. and {Galametz}, M. and {Galliano}, F. and {Gear}, W.~K. and {Gomez}, H.~L. and {Griffin}, M. and {Hony}, S. and {Levenson}, L.~R. and {Lu}, N. and {Madden}, S. and {O'Halloran}, B. and {Okumura}, K. and {Oliver}, S. and {Page}, M.~J. and {Papageorgiou}, A. and {Parkin}, T.~J. and {P{\'e}rez-Fournon}, I. and {Pohlen}, M. and {Polehampton}, E.~T. and {Rigby}, E.~E. and {Roussel}, H. and {Sacchi}, N. and {Sauvage}, M. and {Schulz}, B. and {Schirm}, M.~R.~P. and {Smith}, M.~W.~L. and {Spinoglio}, L. and {Stevens}, J.~A. and {Srinivasan}, S. and {Symeonidis}, M. and {Swinyard}, B. and {Trichas}, M. and {Vaccari}, M. and {Vigroux}, L. and {Wozniak}, H. and {Wright}, G.~S. and {Zeilinger}, W.~W.},
	Date-Added = {2012-07-16 01:44:05 +0000},
	Date-Modified = {2012-07-16 01:44:13 +0000},
	Doi = {10.1051/0004-6361/201014558},
	Eid = {L37},
	Eprint = {1005.1877},
	Journal = {\aap},
	Keywords = {galaxies: ISM, galaxies: starburst, galaxies: individual: M82, ISM: molecules, submillimeter: galaxies},
	Month = jul,
	Pages = {L37},
	Primaryclass = {astro-ph.CO},
	Title = {{Probing the molecular interstellar medium of M82 with Herschel-SPIRE spectroscopy}},
	Volume = 518,
	Year = 2010,
	Bdsk-Url-1 = {http://dx.doi.org/10.1051/0004-6361/201014558}}

@article{Casoli+1999,
	Adsnote = {Provided by the SAO/NASA Astrophysics Data System},
	Adsurl = {http://adsabs.harvard.edu/abs/1999A%26A...346..663C},
	Author = {{Casoli}, F. and {Willaime}, M.-C. and {Viallefond}, F. and {Gerin}, M.},
	Date-Added = {2012-07-16 01:39:22 +0000},
	Date-Modified = {2012-07-16 01:39:32 +0000},
	Journal = {\aap},
	Keywords = {ISM: MOLECULES, GALAXIES: INDIVIDUAL: ARP 299, NGC 3690, MKN 171, IC 694, GALAXIES: INTERGALACTIC MEDIUM, GALAXIES: INTERACTIONS},
	Month = jun,
	Pages = {663-674},
	Title = {{Molecular gas in the system of merging galaxies ARP 299}},
	Volume = 346,
	Year = 1999}

@article{Casoli+1992b,
	Adsnote = {Provided by the SAO/NASA Astrophysics Data System},
	Adsurl = {http://adsabs.harvard.edu/abs/1992A%26A...264...55C},
	Author = {{Casoli}, F. and {Dupraz}, C. and {Combes}, F.},
	Date-Added = {2012-07-16 01:33:06 +0000},
	Date-Modified = {2012-07-16 01:33:14 +0000},
	Journal = {\aap},
	Keywords = {CARBON MONOXIDE, GALACTIC EVOLUTION, INTERACTING GALAXIES, ABUNDANCE, ASTRONOMICAL SPECTROSCOPY, GALACTIC NUCLEI, LUMINOSITY, MOLECULAR GASES, NUCLEAR ASTROPHYSICS},
	Month = oct,
	Pages = {55-67},
	Title = {{The case of missing (C-13)O in mergers}},
	Volume = 264,
	Year = 1992}

@article{Casoli+1992a,
	Adsnote = {Provided by the SAO/NASA Astrophysics Data System},
	Adsurl = {http://adsabs.harvard.edu/abs/1992A%26A...264...49C},
	Author = {{Casoli}, F. and {Dupraz}, C. and {Combes}, F.},
	Date-Added = {2012-07-16 01:32:39 +0000},
	Date-Modified = {2012-07-16 01:34:08 +0000},
	Journal = {\aap},
	Keywords = {GALACTIC EVOLUTION, GALACTIC NUCLEI, MOLECULAR CLOUDS, SKY SURVEYS (ASTRONOMY), ABUNDANCE, ASTRONOMICAL SPECTROSCOPY, CARBON MONOXIDE, EMISSION SPECTRA, INTERSTELLAR MATTER, LUMINOSITY, SPIRAL GALAXIES},
	Month = oct,
	Pages = {49-54},
	Rating = {4},
	Read = {0},
	Title = {{A molecular line survey of the merger NGC 3256}},
	Volume = 264,
	Year = 1992,
	Bdsk-File-1 = {YnBsaXN0MDDUAQIDBAUIJidUJHRvcFgkb2JqZWN0c1gkdmVyc2lvblkkYXJjaGl2ZXLRBgdUcm9vdIABqAkKFRYXGyIjVSRudWxs0wsMDQ4RFFpOUy5vYmplY3RzV05TLmtleXNWJGNsYXNzog8QgASABqISE4ACgAOAB1lhbGlhc0RhdGFccmVsYXRpdmVQYXRo0hgNGRpXTlMuZGF0YU8RAcYAAAAAAcYAAgAADE1hY2ludG9zaCBIRAAAAAAAAAAAAAAAAAAAAMv1y25IKwAAAAlk4Q9DYXNvbGkrMTk5Mi5wZGYAAAAAAAAAAAAAAAAAAAAAAAAAAAAAAAAAAAAAAAAAAAAAAAAAAAAAAAAAAAAAAAAADhTnzA492AAAAAAAAAAAAAEAAwAACSAAAAAAAAAAAAAAAAAAAAALUGFwZXJzTElSR3MAABAACAAAy/YDrgAAABEACAAAzA52GAAAAAEAFAAJZOEAGXo/AAX7vwAF+74AAMBGAAIAU01hY2ludG9zaCBIRDpVc2VyczoAa2F6aW1pZXJ6c2xpd2E6AERvY3VtZW50czoAUGFwZXJzOgBQYXBlcnNMSVJHczoAQ2Fzb2xpKzE5OTIucGRmAAAOACAADwBDAGEAcwBvAGwAaQArADEAOQA5ADIALgBwAGQAZgAPABoADABNAGEAYwBpAG4AdABvAHMAaAAgAEgARAASAEFVc2Vycy9rYXppbWllcnpzbGl3YS9Eb2N1bWVudHMvUGFwZXJzL1BhcGVyc0xJUkdzL0Nhc29saSsxOTkyLnBkZgAAEwABLwAAFQACABX//wAAgAXSHB0eH1gkY2xhc3Nlc1okY2xhc3NuYW1lox8gIV1OU011dGFibGVEYXRhVk5TRGF0YVhOU09iamVjdF8QJS4uL1BhcGVycy9QYXBlcnNMSVJHcy9DYXNvbGkrMTk5Mi5wZGbSHB0kJaIlIVxOU0RpY3Rpb25hcnkSAAGGoF8QD05TS2V5ZWRBcmNoaXZlcgAIABEAFgAfACgAMgA1ADoAPABFAEsAUgBdAGUAbABvAHEAcwB2AHgAegB8AIYAkwCYAKACagJsAnECegKFAokClwKeAqcCzwLUAtcC5ALpAAAAAAAAAgEAAAAAAAAAKAAAAAAAAAAAAAAAAAAAAvs=}}

@article{Aalto+2002,
	Adsnote = {Provided by the SAO/NASA Astrophysics Data System},
	Adsurl = {http://adsabs.harvard.edu/abs/2002A%26A...381..783A},
	Author = {{Aalto}, S. and {Polatidis}, A.~G. and {H{\"u}ttemeister}, S. and {Curran}, S.~J.},
	Date-Added = {2012-07-16 01:28:15 +0000},
	Date-Modified = {2012-07-16 01:28:23 +0000},
	Doi = {10.1051/0004-6361:20011514},
	Eprint = {arXiv:astro-ph/0111323},
	Journal = {\aap},
	Keywords = {GALAXIES: EVOLUTION, GALAXIES: ISM, GALAXIES: STARBURST, RADIO LINES: GALAXIES, RADIO LINES: ISM},
	Month = jan,
	Pages = {783-794},
	Title = {{CN and HNC line emission in IR luminous galaxies}},
	Volume = 381,
	Year = 2002,
	Bdsk-Url-1 = {http://dx.doi.org/10.1051/0004-6361:20011514}}

@article{Aalto+1997,
	Adsnote = {Provided by the SAO/NASA Astrophysics Data System},
	Adsurl = {http://adsabs.harvard.edu/abs/1997ApJ...475L.107A},
	Author = {{Aalto}, S. and {Radford}, S.~J.~E. and {Scoville}, N.~Z. and {Sargent}, A.~I.},
	Date-Added = {2012-07-16 01:27:02 +0000},
	Date-Modified = {2012-07-16 01:27:10 +0000},
	Doi = {10.1086/310475},
	Eprint = {arXiv:astro-ph/9701005},
	Journal = {\apjl},
	Keywords = {GALAXIES: EVOLUTION, GALAXIES: INDIVIDUAL NAME: ARP 299, GALAXIES: ISM, GALAXIES: STARBURST, RADIO LINES: GALAXIES, RADIO LINES: ISM},
	Month = feb,
	Pages = {L107},
	Title = {{Variation of Molecular Line Ratios and Cloud Properties in the ARP 299 Galaxy Merger}},
	Volume = 475,
	Year = 1997,
	Bdsk-Url-1 = {http://dx.doi.org/10.1086/310475}}

@article{Aalto+1995,
	Adsnote = {Provided by the SAO/NASA Astrophysics Data System},
	Adsurl = {http://adsabs.harvard.edu/abs/1995A%26A...300..369A},
	Author = {{Aalto}, S. and {Booth}, R.~S. and {Black}, J.~H. and {Johansson}, L.~E.~B.},
	Date-Added = {2012-07-16 01:26:25 +0000},
	Date-Modified = {2012-07-16 01:26:30 +0000},
	Journal = {\aap},
	Keywords = {GALAXIES: INTERACTIONS, STARBURST: ISM, RADIO LINES: MOLECULAR},
	Month = aug,
	Pages = {369},
	Title = {{Molecular gas in starburst galaxies: line intensities and physical conditions}},
	Volume = 300,
	Year = 1995,
	Bdsk-File-1 = {YnBsaXN0MDDUAQIDBAUIJidUJHRvcFgkb2JqZWN0c1gkdmVyc2lvblkkYXJjaGl2ZXLRBgdUcm9vdIABqAkKFRYXGyIjVSRudWxs0wsMDQ4RFFpOUy5vYmplY3RzV05TLmtleXNWJGNsYXNzog8QgASABqISE4ACgAOAB1lhbGlhc0RhdGFccmVsYXRpdmVQYXRo0hgNGRpXTlMuZGF0YU8RAcAAAAAAAcAAAgAADE1hY2ludG9zaCBIRAAAAAAAAAAAAAAAAAAAAMv1y25IKwAAAAlk4Q5BYWx0bysxOTk1LnBkZgAAAAAAAAAAAAAAAAAAAAAAAAAAAAAAAAAAAAAAAAAAAAAAAAAAAAAAAAAAAAAAAAAADhRpzA48pQAAAAAAAAAAAAEAAwAACSAAAAAAAAAAAAAAAAAAAAALUGFwZXJzTElSR3MAABAACAAAy/YDrgAAABEACAAAzA505QAAAAEAFAAJZOEAGXo/AAX7vwAF+74AAMBGAAIAUk1hY2ludG9zaCBIRDpVc2VyczoAa2F6aW1pZXJ6c2xpd2E6AERvY3VtZW50czoAUGFwZXJzOgBQYXBlcnNMSVJHczoAQWFsdG8rMTk5NS5wZGYADgAeAA4AQQBhAGwAdABvACsAMQA5ADkANQAuAHAAZABmAA8AGgAMAE0AYQBjAGkAbgB0AG8AcwBoACAASABEABIAQFVzZXJzL2themltaWVyenNsaXdhL0RvY3VtZW50cy9QYXBlcnMvUGFwZXJzTElSR3MvQWFsdG8rMTk5NS5wZGYAEwABLwAAFQACABX//wAAgAXSHB0eH1gkY2xhc3Nlc1okY2xhc3NuYW1lox8gIV1OU011dGFibGVEYXRhVk5TRGF0YVhOU09iamVjdF8QJC4uL1BhcGVycy9QYXBlcnNMSVJHcy9BYWx0bysxOTk1LnBkZtIcHSQloiUhXE5TRGljdGlvbmFyeRIAAYagXxAPTlNLZXllZEFyY2hpdmVyAAgAEQAWAB8AKAAyADUAOgA8AEUASwBSAF0AZQBsAG8AcQBzAHYAeAB6AHwAhgCTAJgAoAJkAmYCawJ0An8CgwKRApgCoQLIAs0C0ALdAuIAAAAAAAACAQAAAAAAAAAoAAAAAAAAAAAAAAAAAAAC9A==}}

@article{Aalto+1991b,
	Adsnote = {Provided by the SAO/NASA Astrophysics Data System},
	Adsurl = {http://adsabs.harvard.edu/abs/1991A%26A...249..323A},
	Author = {{Aalto}, S. and {Johansson}, L.~E.~B. and {Booth}, R.~S. and {Black}, J.~H.},
	Date-Added = {2012-07-16 01:26:00 +0000},
	Date-Modified = {2012-07-16 01:26:06 +0000},
	Journal = {\aap},
	Keywords = {CARBON ISOTOPES, CARBON MONOXIDE, INTERACTING GALAXIES, MOLECULAR CLOUDS, GALACTIC EVOLUTION, INTERSTELLAR MATTER, MILKY WAY GALAXY},
	Month = sep,
	Pages = {323-326},
	Title = {{Large CO-12/CO-13 intensity ratios in luminous mergers}},
	Volume = 249,
	Year = 1991}

@article{Aalto+1991a,
	Adsnote = {Provided by the SAO/NASA Astrophysics Data System},
	Adsurl = {http://adsabs.harvard.edu/abs/1991A%26A...247..291A},
	Author = {{Aalto}, S. and {Booth}, R.~S. and {Johansson}, L.~E.~B. and {Black}, J.~H.},
	Date-Added = {2012-07-16 01:25:02 +0000},
	Date-Modified = {2012-07-16 01:25:12 +0000},
	Journal = {\aap},
	Keywords = {GALACTIC EVOLUTION, LINE SPECTRA, MOLECULAR CLOUDS, RADIO SPECTRA, STARBURST GALAXIES, ASTRONOMICAL MODELS, CARBON MONOXIDE, CARBON 13, EMISSION SPECTRA, SPECTRUM ANALYSIS},
	Month = jul,
	Pages = {291-302},
	Title = {{Peculiar molecular clouds in NGC 3256?}},
	Volume = 247,
	Year = 1991}

@article{Gao+2004b,
	Adsnote = {Provided by the SAO/NASA Astrophysics Data System},
	Adsurl = {http://adsabs.harvard.edu/abs/2004ApJ...606..271G},
	Author = {{Gao}, Y. and {Solomon}, P.~M.},
	Date-Added = {2012-07-16 01:22:40 +0000},
	Date-Modified = {2012-07-16 01:22:47 +0000},
	Doi = {10.1086/382999},
	Eprint = {arXiv:astro-ph/0310339},
	Journal = {\apj},
	Keywords = {Galaxies: ISM, Galaxies: Starburst, Infrared: Galaxies, ISM: Molecules, Radio Lines: Galaxies},
	Month = may,
	Pages = {271-290},
	Title = {{The Star Formation Rate and Dense Molecular Gas in Galaxies}},
	Volume = 606,
	Year = 2004,
	Bdsk-Url-1 = {http://dx.doi.org/10.1086/382999}}

@article{Gao+2004a,
	Adsnote = {Provided by the SAO/NASA Astrophysics Data System},
	Adsurl = {http://adsabs.harvard.edu/abs/2004ApJS..152...63G},
	Author = {{Gao}, Y. and {Solomon}, P.~M.},
	Date-Added = {2012-07-16 01:21:56 +0000},
	Date-Modified = {2012-07-16 01:22:23 +0000},
	Doi = {10.1086/383003},
	Eprint = {arXiv:astro-ph/0310341},
	Journal = {\apjs},
	Keywords = {Galaxies: ISM, Galaxies: Starburst, Infrared: Galaxies, ISM: Molecules, Radio Lines: Galaxies, Surveys},
	Month = may,
	Pages = {63-80},
	Title = {{HCN Survey of Normal Spiral, Infrared-luminous, and Ultraluminous Galaxies}},
	Volume = 152,
	Year = 2004,
	Bdsk-Url-1 = {http://dx.doi.org/10.1086/383003}}

@article{Rangwala+2011,
	Adsnote = {Provided by the SAO/NASA Astrophysics Data System},
	Adsurl = {http://adsabs.harvard.edu/abs/2011ApJ...743...94R},
	Archiveprefix = {arXiv},
	Author = {{Rangwala}, N. and {Maloney}, P.~R. and {Glenn}, J. and {Wilson}, C.~D. and {Rykala}, A. and {Isaak}, K. and {Baes}, M. and {Bendo}, G.~J. and {Boselli}, A. and {Bradford}, C.~M. and {Clements}, D.~L. and {Cooray}, A. and {Fulton}, T. and {Imhof}, P. and {Kamenetzky}, J. and {Madden}, S.~C. and {Mentuch}, E. and {Sacchi}, N. and {Sauvage}, M. and {Schirm}, M.~R.~P. and {Smith}, M.~W.~L. and {Spinoglio}, L. and {Wolfire}, M.},
	Date-Added = {2012-07-13 20:14:12 +0000},
	Date-Modified = {2012-07-13 20:14:20 +0000},
	Doi = {10.1088/0004-637X/743/1/94},
	Eid = {94},
	Eprint = {1106.5054},
	Journal = {\apj},
	Keywords = {galaxies: ISM, galaxies: starburst, ISM: molecules, line: identification, molecular processes, techniques: spectroscopic},
	Month = dec,
	Pages = {94},
	Primaryclass = {astro-ph.CO},
	Title = {{Observations of Arp 220 Using Herschel-SPIRE: An Unprecedented View of the Molecular Gas in an Extreme Star Formation Environment}},
	Volume = 743,
	Year = 2011,
	Bdsk-Url-1 = {http://dx.doi.org/10.1088/0004-637X/743/1/94}}

@article{vanderTak+2007,
	Adsnote = {Provided by the SAO/NASA Astrophysics Data System},
	Adsurl = {http://adsabs.harvard.edu/abs/2007A%26A...468..627V},
	Archiveprefix = {arXiv},
	Author = {{van der Tak}, F.~F.~S. and {Black}, J.~H. and {Sch{\"o}ier}, F.~L. and {Jansen}, D.~J. and {van Dishoeck}, E.~F.},
	Date-Added = {2012-07-13 20:13:25 +0000},
	Date-Modified = {2012-07-13 20:13:33 +0000},
	Doi = {10.1051/0004-6361:20066820},
	Eprint = {0704.0155},
	Journal = {\aap},
	Keywords = {radiative transfer, methods: numerical, radio lines: ISM, infrared: ISM, submillimeter},
	Month = jun,
	Pages = {627-635},
	Title = {{A computer program for fast non-LTE analysis of interstellar line spectra. With diagnostic plots to interpret observed line intensity ratios}},
	Volume = 468,
	Year = 2007,
	Bdsk-Url-1 = {http://dx.doi.org/10.1051/0004-6361:20066820}}

@article{Iono+2009,
	Adsnote = {Provided by the SAO/NASA Astrophysics Data System},
	Adsurl = {http://adsabs.harvard.edu/abs/2009ApJ...695.1537I},
	Archiveprefix = {arXiv},
	Author = {{Iono}, D. and {Wilson}, C.~D. and {Yun}, M.~S. and {Baker}, A.~J. and {Petitpas}, G.~R. and {Peck}, A.~B. and {Krips}, M. and {Cox}, T.~J. and {Matsushita}, S. and {Mihos}, J.~C. and {Pihlstrom}, Y.},
	Date-Added = {2012-07-13 20:11:51 +0000},
	Date-Modified = {2012-07-13 20:11:59 +0000},
	Doi = {10.1088/0004-637X/695/2/1537},
	Eprint = {0902.0121},
	Journal = {\apj},
	Keywords = {cosmology: observations, galaxies: formation, galaxies: high-redshift, galaxies: starburst, submillimeter},
	Month = apr,
	Pages = {1537-1549},
	Primaryclass = {astro-ph.CO},
	Title = {{Luminous Infrared Galaxies with the Submillimeter Array. II. Comparing the CO (3-2) Sizes and Luminosities of Local and High-Redshift Luminous Infrared Galaxies}},
	Volume = 695,
	Year = 2009,
	Bdsk-Url-1 = {http://dx.doi.org/10.1088/0004-637X/695/2/1537}}

@article{Papadopoulos+2012,
	Adsnote = {Provided by the SAO/NASA Astrophysics Data System},
	Adsurl = {http://adsabs.harvard.edu/abs/2012ApJ...751...10P},
	Archiveprefix = {arXiv},
	Author = {{Papadopoulos}, P.~P. and {van der Werf}, P. and {Xilouris}, E. and {Isaak}, K.~G. and {Gao}, Y.},
	Date-Added = {2012-07-13 20:10:58 +0000},
	Date-Modified = {2012-07-13 20:11:11 +0000},
	Doi = {10.1088/0004-637X/751/1/10},
	Eid = {10},
	Eprint = {1202.1803},
	Journal = {\apj},
	Keywords = {galaxies: active, galaxies: ISM, galaxies: starburst, ISM: molecules, radiation mechanisms: general, techniques: spectroscopic},
	Month = may,
	Pages = {10},
	Primaryclass = {astro-ph.CO},
	Title = {{The Molecular Gas in Luminous Infrared Galaxies. II. Extreme Physical Conditions and Their Effects on the X $_{co}$ Factor}},
	Volume = 751,
	Year = 2012,
	Bdsk-Url-1 = {http://dx.doi.org/10.1088/0004-637X/751/1/10}}

@article{Wilson+2008,
	Adsnote = {Provided by the SAO/NASA Astrophysics Data System},
	Adsurl = {http://adsabs.harvard.edu/abs/2008ApJS..178..189W},
	Archiveprefix = {arXiv},
	Author = {{Wilson}, C.~D. and {Petitpas}, G.~R. and {Iono}, D. and {Baker}, A.~J. and {Peck}, A.~B. and {Krips}, M. and {Warren}, B. and {Golding}, J. and {Atkinson}, A. and {Armus}, L. and {Cox}, T.~J. and {Ho}, P. and {Juvela}, M. and {Matsushita}, S. and {Mihos}, J.~C. and {Pihlstrom}, Y. and {Yun}, M.~S.},
	Date-Added = {2012-07-13 20:10:18 +0000},
	Date-Modified = {2012-07-13 20:10:30 +0000},
	Doi = {10.1086/590910},
	Eprint = {0806.3002},
	Journal = {\apjs},
	Keywords = {galaxies: individual (Arp 55), Galaxies: Individual: Name: Arp 193, Galaxies: Individual: Name: Arp 299, galaxies: individual (IRAS 10565+2448), Galaxies: Individual: Alphanumeric: IRAS 17208-0014, galaxies: individual (Mrk 231), galaxies: individual (Mrk 273), Galaxies: Individual: NGC Number: NGC 1614, Galaxies: Individual: NGC Number: NGC 2623, Galaxies: Individual: NGC Number: NGC 5331, galaxies: individual (NGC 5257), galaxies: individual (NGC 5258), Galaxies: Individual: NGC Number: NGC 6240, Galaxies: Individual: Alphanumeric: UGC 5101, Galaxies: Individual: Alphanumeric: VV 114, Infrared: Galaxies},
	Month = oct,
	Pages = {189-224},
	Title = {{Luminous Infrared Galaxies with the Submillimeter Array. I. Survey Overview and the Central Gas to Dust Ratio}},
	Volume = 178,
	Year = 2008,
	Bdsk-File-1 = {YnBsaXN0MDDUAQIDBAUIJidUJHRvcFgkb2JqZWN0c1gkdmVyc2lvblkkYXJjaGl2ZXLRBgdUcm9vdIABqAkKFRYXGyIjVSRudWxs0wsMDQ4RFFpOUy5vYmplY3RzV05TLmtleXNWJGNsYXNzog8QgASABqISE4ACgAOAB1lhbGlhc0RhdGFccmVsYXRpdmVQYXRo0hgNGRpXTlMuZGF0YU8RAcYAAAAAAcYAAgAADE1hY2ludG9zaCBIRAAAAAAAAAAAAAAAAAAAAMv1y25IKwAAAAlk4Q9XaWxzb24rMjAwOC5wZGYAAAAAAAAAAAAAAAAAAAAAAAAAAAAAAAAAAAAAAAAAAAAAAAAAAAAAAAAAAAAAAAAACWrMzAjyOQAAAAAAAAAAAAEAAwAACSAAAAAAAAAAAAAAAAAAAAALUGFwZXJzTElSR3MAABAACAAAy/YDrgAAABEACAAAzAkqeQAAAAEAFAAJZOEAGXo/AAX7vwAF+74AAMBGAAIAU01hY2ludG9zaCBIRDpVc2VyczoAa2F6aW1pZXJ6c2xpd2E6AERvY3VtZW50czoAUGFwZXJzOgBQYXBlcnNMSVJHczoAV2lsc29uKzIwMDgucGRmAAAOACAADwBXAGkAbABzAG8AbgArADIAMAAwADgALgBwAGQAZgAPABoADABNAGEAYwBpAG4AdABvAHMAaAAgAEgARAASAEFVc2Vycy9rYXppbWllcnpzbGl3YS9Eb2N1bWVudHMvUGFwZXJzL1BhcGVyc0xJUkdzL1dpbHNvbisyMDA4LnBkZgAAEwABLwAAFQACABX//wAAgAXSHB0eH1gkY2xhc3Nlc1okY2xhc3NuYW1lox8gIV1OU011dGFibGVEYXRhVk5TRGF0YVhOU09iamVjdF8QJS4uL1BhcGVycy9QYXBlcnNMSVJHcy9XaWxzb24rMjAwOC5wZGbSHB0kJaIlIVxOU0RpY3Rpb25hcnkSAAGGoF8QD05TS2V5ZWRBcmNoaXZlcgAIABEAFgAfACgAMgA1ADoAPABFAEsAUgBdAGUAbABvAHEAcwB2AHgAegB8AIYAkwCYAKACagJsAnECegKFAokClwKeAqcCzwLUAtcC5ALpAAAAAAAAAgEAAAAAAAAAKAAAAAAAAAAAAAAAAAAAAvs=},
	Bdsk-Url-1 = {http://dx.doi.org/10.1086/590910}}

@article{DS98,
	Adsnote = {Provided by the SAO/NASA Astrophysics Data System},
	Adsurl = {http://adsabs.harvard.edu/abs/1998ApJ...507..615D},
	Author = {{Downes}, D. and {Solomon}, P.~M.},
	Date-Added = {2012-07-13 20:09:12 +0000},
	Date-Modified = {2012-07-13 20:09:41 +0000},
	Doi = {10.1086/306339},
	Eprint = {arXiv:astro-ph/9806377},
	Journal = {\apj},
	Keywords = {GALAXIES: ISM, GALAXIES: KINEMATICS AND DYNAMICS, GALAXIES: NUCLEI, RADIO LINES: GALAXIES},
	Month = nov,
	Pages = {615-654},
	Title = {{Rotating Nuclear Rings and Extreme Starbursts in Ultraluminous Galaxies}},
	Volume = 507,
	Year = 1998,
	Bdsk-File-1 = {YnBsaXN0MDDUAQIDBAUIJidUJHRvcFgkb2JqZWN0c1gkdmVyc2lvblkkYXJjaGl2ZXLRBgdUcm9vdIABqAkKFRYXGyIjVSRudWxs0wsMDQ4RFFpOUy5vYmplY3RzV05TLmtleXNWJGNsYXNzog8QgASABqISE4ACgAOAB1lhbGlhc0RhdGFccmVsYXRpdmVQYXRo0hgNGRpXTlMuZGF0YU8RAeAAAAAAAeAAAgAADE1hY2ludG9zaCBIRAAAAAAAAAAAAAAAAAAAAMv1y25IKwAAAAlk4RZEb3duZXMmU29sb21vbjE5OTgucGRmAAAAAAAAAAAAAAAAAAAAAAAAAAAAAAAAAAAAAAAAAAAAAAAAAAAAAAAACXeyzAj0LwAAAAAAAAAAAAEAAwAACSAAAAAAAAAAAAAAAAAAAAALUGFwZXJzTElSR3MAABAACAAAy/YDrgAAABEACAAAzAksbwAAAAEAFAAJZOEAGXo/AAX7vwAF+74AAMBGAAIAWk1hY2ludG9zaCBIRDpVc2VyczoAa2F6aW1pZXJ6c2xpd2E6AERvY3VtZW50czoAUGFwZXJzOgBQYXBlcnNMSVJHczoARG93bmVzJlNvbG9tb24xOTk4LnBkZgAOAC4AFgBEAG8AdwBuAGUAcwAmAFMAbwBsAG8AbQBvAG4AMQA5ADkAOAAuAHAAZABmAA8AGgAMAE0AYQBjAGkAbgB0AG8AcwBoACAASABEABIASFVzZXJzL2themltaWVyenNsaXdhL0RvY3VtZW50cy9QYXBlcnMvUGFwZXJzTElSR3MvRG93bmVzJlNvbG9tb24xOTk4LnBkZgATAAEvAAAVAAIAFf//AACABdIcHR4fWCRjbGFzc2VzWiRjbGFzc25hbWWjHyAhXU5TTXV0YWJsZURhdGFWTlNEYXRhWE5TT2JqZWN0XxAsLi4vUGFwZXJzL1BhcGVyc0xJUkdzL0Rvd25lcyZTb2xvbW9uMTk5OC5wZGbSHB0kJaIlIVxOU0RpY3Rpb25hcnkSAAGGoF8QD05TS2V5ZWRBcmNoaXZlcgAIABEAFgAfACgAMgA1ADoAPABFAEsAUgBdAGUAbABvAHEAcwB2AHgAegB8AIYAkwCYAKAChAKGAosClAKfAqMCsQK4AsEC8AL1AvgDBQMKAAAAAAAAAgEAAAAAAAAAKAAAAAAAAAAAAAAAAAAAAxw=}}

@article{Sliwa+2012,
	Adsnote = {Provided by the SAO/NASA Astrophysics Data System},
	Adsurl = {http://adsabs.harvard.edu/abs/2012ApJ...753...46S},
	Archiveprefix = {arXiv},
	Author = {{Sliwa}, K. and {Wilson}, C.~D. and {Petitpas}, G.~R. and {Armus}, L. and {Juvela}, M. and {Matsushita}, S. and {Peck}, A.~B. and {Yun}, M.~S.},
	Date-Added = {2012-07-13 20:06:52 +0000},
	Date-Modified = {2012-07-13 20:08:33 +0000},
	Doi = {10.1088/0004-637X/753/1/46},
	Eid = {46},
	Eprint = {1204.6659},
	Journal = {\apj},
	Keywords = {galaxies: individual: Arp 299, galaxies: interactions, galaxies: starburst, submillimeter: galaxies},
	Month = jul,
	Pages = {46},
	Primaryclass = {astro-ph.GA},
	Title = {{Luminous Infrared Galaxies with the Submillimeter Array. III. The Dense Kiloparsec Molecular Concentrations of Arp{\nbsp}299}},
	Volume = 753,
	Year = 2012,
	Bdsk-File-1 = {YnBsaXN0MDDUAQIDBAUIJidUJHRvcFgkb2JqZWN0c1gkdmVyc2lvblkkYXJjaGl2ZXLRBgdUcm9vdIABqAkKFRYXGyIjVSRudWxs0wsMDQ4RFFpOUy5vYmplY3RzV05TLmtleXNWJGNsYXNzog8QgASABqISE4ACgAOAB1lhbGlhc0RhdGFccmVsYXRpdmVQYXRo0hgNGRpXTlMuZGF0YU8RAcAAAAAAAcAAAgAADE1hY2ludG9zaCBIRAAAAAAAAAAAAAAAAAAAAMv1y25IKwAAAAlk4Q5TbGl3YSsyMDEyLnBkZgAAAAAAAAAAAAAAAAAAAAAAAAAAAAAAAAAAAAAAAAAAAAAAAAAAAAAAAAAAAAAAAAAACWTgzAjxogAAAAAAAAAAAAEAAwAACSAAAAAAAAAAAAAAAAAAAAALUGFwZXJzTElSR3MAABAACAAAy/YDrgAAABEACAAAzAkp4gAAAAEAFAAJZOEAGXo/AAX7vwAF+74AAMBGAAIAUk1hY2ludG9zaCBIRDpVc2VyczoAa2F6aW1pZXJ6c2xpd2E6AERvY3VtZW50czoAUGFwZXJzOgBQYXBlcnNMSVJHczoAU2xpd2ErMjAxMi5wZGYADgAeAA4AUwBsAGkAdwBhACsAMgAwADEAMgAuAHAAZABmAA8AGgAMAE0AYQBjAGkAbgB0AG8AcwBoACAASABEABIAQFVzZXJzL2themltaWVyenNsaXdhL0RvY3VtZW50cy9QYXBlcnMvUGFwZXJzTElSR3MvU2xpd2ErMjAxMi5wZGYAEwABLwAAFQACABX//wAAgAXSHB0eH1gkY2xhc3Nlc1okY2xhc3NuYW1lox8gIV1OU011dGFibGVEYXRhVk5TRGF0YVhOU09iamVjdF8QJC4uL1BhcGVycy9QYXBlcnNMSVJHcy9TbGl3YSsyMDEyLnBkZtIcHSQloiUhXE5TRGljdGlvbmFyeRIAAYagXxAPTlNLZXllZEFyY2hpdmVyAAgAEQAWAB8AKAAyADUAOgA8AEUASwBSAF0AZQBsAG8AcQBzAHYAeAB6AHwAhgCTAJgAoAJkAmYCawJ0An8CgwKRApgCoQLIAs0C0ALdAuIAAAAAAAACAQAAAAAAAAAoAAAAAAAAAAAAAAAAAAAC9A==},
	Bdsk-Url-1 = {http://dx.doi.org/10.1088/0004-637X/753/1/46}}
