%% This BibTeX bibliography file was created using BibDesk.
%% http://bibdesk.sourceforge.net/


%% Created for Kazimierz Sliwa at 2014-10-20 20:46:01 -0400 


%% Saved with string encoding Unicode (UTF-8) 



@article{Matsushita2009,
	Adsnote = {Provided by the SAO/NASA Astrophysics Data System},
	Adsurl = {http://adsabs.harvard.edu/abs/2009ApJ...693...56M},
	Archiveprefix = {arXiv},
	Author = {{Matsushita}, S. and {Iono}, D. and {Petitpas}, G.~R. and {Chou}, R.~C.-Y. and {Gurwell}, M.~A. and others},
	Date-Added = {2014-10-21 00:44:47 +0000},
	Date-Modified = {2014-10-21 00:46:01 +0000},
	Doi = {10.1088/0004-637X/693/1/56},
	Eprint = {0811.0930},
	Journal = {\apj},
	Keywords = {galaxies: individual: Arp 220, galaxies: ISM, galaxies: nuclei, galaxies: starburst},
	Month = mar,
	Pages = {56-68},
	Title = {{SMA $^{12}$CO(J = 6 - 5) and 435 {$\mu$}m Interferometric Imaging of the Nuclear Region of Arp 220}},
	Volume = 693,
	Year = 2009,
	Bdsk-Url-1 = {http://dx.doi.org/10.1088/0004-637X/693/1/56}}

@article{Wilson2003,
	Adsnote = {Provided by the SAO/NASA Astrophysics Data System},
	Adsurl = {http://adsabs.harvard.edu/abs/2003ApJ...599.1049W},
	Author = {{Wilson}, C.~D. and {Scoville}, N. and {Madden}, S.~C. and {Charmandaris}, V.},
	Date-Added = {2014-10-21 00:42:32 +0000},
	Date-Modified = {2014-10-21 00:42:38 +0000},
	Doi = {10.1086/379344},
	Eprint = {astro-ph/0308545},
	Journal = {\apj},
	Keywords = {Galaxies: Individual: NGC Number: NGC 4038, Galaxies: Individual: NGC Number: NGC 4039, Galaxies: ISM, ISM: Molecules, Radio Lines: Galaxies, Stars: Formation},
	Month = dec,
	Pages = {1049-1066},
	Title = {{The Mass Function of Supergiant Molecular Complexes and Implications for Forming Young Massive Star Clusters in the Antennae (NGC 4038/4039)}},
	Volume = 599,
	Year = 2003,
	Bdsk-Url-1 = {http://dx.doi.org/10.1086/379344}}

@article{Wilson2008,
	Adsnote = {Provided by the SAO/NASA Astrophysics Data System},
	Adsurl = {http://adsabs.harvard.edu/abs/2008ApJS..178..189W},
	Archiveprefix = {arXiv},
	Author = {{Wilson}, C.~D. and {Petitpas}, G.~R. and {Iono}, D. and {Baker}, A.~J. and {Peck}, A.~B. and others},
	Date-Added = {2014-09-30 00:19:07 +0000},
	Date-Modified = {2014-09-30 00:23:12 +0000},
	Doi = {10.1086/590910},
	Eprint = {0806.3002},
	Journal = {\apjs},
	Keywords = {galaxies: individual (Arp 55), Galaxies: Individual: Name: Arp 193, Galaxies: Individual: Name: Arp 299, galaxies: individual (IRAS 10565+2448), Galaxies: Individual: Alphanumeric: IRAS 17208-0014, galaxies: individual (Mrk 231), galaxies: individual (Mrk 273), Galaxies: Individual: NGC Number: NGC 1614, Galaxies: Individual: NGC Number: NGC 2623, Galaxies: Individual: NGC Number: NGC 5331, galaxies: individual (NGC 5257), galaxies: individual (NGC 5258), Galaxies: Individual: NGC Number: NGC 6240, Galaxies: Individual: Alphanumeric: UGC 5101, Galaxies: Individual: Alphanumeric: VV 114, Infrared: Galaxies},
	Month = oct,
	Pages = {189-224},
	Title = {{Luminous Infrared Galaxies with the Submillimeter Array. I. Survey Overview and the Central Gas to Dust Ratio}},
	Volume = 178,
	Year = 2008,
	Bdsk-Url-1 = {http://dx.doi.org/10.1086/590910}}

@article{Ward2003,
	Adsnote = {Provided by the SAO/NASA Astrophysics Data System},
	Adsurl = {http://adsabs.harvard.edu/abs/2003ApJ...587..171W},
	Author = {{Ward}, J.~S. and {Zmuidzinas}, J. and {Harris}, A.~I. and {Isaak}, K.~G.},
	Date-Added = {2014-09-30 00:18:23 +0000},
	Date-Modified = {2014-09-30 00:18:26 +0000},
	Doi = {10.1086/368175},
	Journal = {\apj},
	Keywords = {Galaxies: Individual: Messier Number: M82, Galaxies: ISM, Galaxies: Starburst, Submillimeter},
	Month = apr,
	Pages = {171-185},
	Title = {{A $^{12}$CO J=6-5 Map of M82: The Significance of Warm Molecular Gas}},
	Volume = 587,
	Year = 2003,
	Bdsk-Url-1 = {http://dx.doi.org/10.1086/368175}}

@article{vanderTak2007,
	Adsnote = {Provided by the SAO/NASA Astrophysics Data System},
	Adsurl = {http://adsabs.harvard.edu/abs/2007A%26A...468..627V},
	Archiveprefix = {arXiv},
	Author = {{van der Tak}, F.~F.~S. and {Black}, J.~H. and {Sch{\"o}ier}, F.~L. and {Jansen}, D.~J. and {van Dishoeck}, E.~F.},
	Date-Added = {2014-09-30 00:17:44 +0000},
	Date-Modified = {2014-09-30 00:17:51 +0000},
	Doi = {10.1051/0004-6361:20066820},
	Eprint = {0704.0155},
	Journal = {\aap},
	Keywords = {radiative transfer, methods: numerical, radio lines: ISM, infrared: ISM, submillimeter},
	Month = jun,
	Pages = {627-635},
	Title = {{A computer program for fast non-LTE analysis of interstellar line spectra. With diagnostic plots to interpret observed line intensity ratios}},
	Volume = 468,
	Year = 2007,
	Bdsk-Url-1 = {http://dx.doi.org/10.1051/0004-6361:20066820}}

@article{Vaisanen2012,
	Adsnote = {Provided by the SAO/NASA Astrophysics Data System},
	Adsurl = {http://adsabs.harvard.edu/abs/2012MNRAS.420.2209V},
	Author = {{V{\"a}is{\"a}nen}, P. and {Rajpaul}, V. and {Zijlstra}, A.~A. and {Reunanen}, J. and {Kotilainen}, J.},
	Date-Added = {2014-09-30 00:16:56 +0000},
	Date-Modified = {2014-09-30 00:17:04 +0000},
	Doi = {10.1111/j.1365-2966.2011.20186.x},
	Journal = {\mnras},
	Keywords = {galaxies: active, galaxies: individual: NGC 1614, galaxies: nuclei, galaxies: starburst},
	Month = mar,
	Pages = {2209-2220},
	Title = {{The nuclear polycyclic aromatic hydrocarbon emission of merger system NGC 1614: rings within rings}},
	Volume = 420,
	Year = 2012,
	Bdsk-Url-1 = {http://dx.doi.org/10.1111/j.1365-2966.2011.20186.x}}

@article{U2012,
	Adsnote = {Provided by the SAO/NASA Astrophysics Data System},
	Adsurl = {http://adsabs.harvard.edu/abs/2012ApJS..203....9U},
	Archiveprefix = {arXiv},
	Author = {{U}, V. and {Sanders}, D.~B. and {Mazzarella}, J.~M. and {Evans}, A.~S. and {Howell}, J.~H. and others},
	Date-Added = {2014-09-30 00:16:17 +0000},
	Date-Modified = {2014-09-30 00:22:48 +0000},
	Doi = {10.1088/0067-0049/203/1/9},
	Eid = {9},
	Eprint = {1209.1611},
	Journal = {\apjs},
	Keywords = {galaxies: active, galaxies: interactions, galaxies: photometry, infrared: galaxies},
	Month = nov,
	Pages = {9},
	Primaryclass = {astro-ph.CO},
	Title = {{Spectral Energy Distributions of Local Luminous and Ultraluminous Infrared Galaxies}},
	Volume = 203,
	Year = 2012,
	Bdsk-Url-1 = {http://dx.doi.org/10.1088/0067-0049/203/1/9}}

@article{Sliwa2012,
	Adsnote = {Provided by the SAO/NASA Astrophysics Data System},
	Adsurl = {http://adsabs.harvard.edu/abs/2012ApJ...753...46S},
	Archiveprefix = {arXiv},
	Author = {{Sliwa}, K. and {Wilson}, C.~D. and {Petitpas}, G.~R. and {Armus}, L. and {Juvela}, M. and others},
	Date-Added = {2014-09-30 00:15:47 +0000},
	Date-Modified = {2014-09-30 00:22:21 +0000},
	Doi = {10.1088/0004-637X/753/1/46},
	Eid = {46},
	Eprint = {1204.6659},
	Journal = {\apj},
	Keywords = {galaxies: individual: Arp 299, galaxies: interactions, galaxies: starburst, submillimeter: galaxies},
	Month = jul,
	Pages = {46},
	Primaryclass = {astro-ph.GA},
	Title = {{Luminous Infrared Galaxies with the Submillimeter Array. III. The Dense Kiloparsec Molecular Concentrations of Arp 299}},
	Volume = 753,
	Year = 2012,
	Bdsk-Url-1 = {http://dx.doi.org/10.1088/0004-637X/753/1/46}}

@article{Sliwa2013,
	Adsnote = {Provided by the SAO/NASA Astrophysics Data System},
	Adsurl = {http://adsabs.harvard.edu/abs/2013ApJ...777..126S},
	Archiveprefix = {arXiv},
	Author = {{Sliwa}, K. and {Wilson}, C.~D. and {Krips}, M. and {Petitpas}, G.~R. and {Iono}, D. and others},
	Date-Added = {2014-09-30 00:15:30 +0000},
	Date-Modified = {2014-09-30 00:22:34 +0000},
	Doi = {10.1088/0004-637X/777/2/126},
	Eid = {126},
	Eprint = {1309.1144},
	Journal = {\apj},
	Keywords = {galaxies: individual: VV114 IC 1623 Arp 236 IRAS 01053{\ndash}1746, galaxies: interactions, galaxies: starburst, radiative transfer, submillimeter: galaxies},
	Month = nov,
	Pages = {126},
	Primaryclass = {astro-ph.CO},
	Title = {{Luminous Infrared Galaxies with the Submillimeter Array. IV. $^{12}$CO J = 6-5 Observations of VV 114}},
	Volume = 777,
	Year = 2013,
	Bdsk-Url-1 = {http://dx.doi.org/10.1088/0004-637X/777/2/126}}

@article{Schirm2014,
	Adsnote = {Provided by the SAO/NASA Astrophysics Data System},
	Adsurl = {http://adsabs.harvard.edu/abs/2014ApJ...781..101S},
	Archiveprefix = {arXiv},
	Author = {{Schirm}, M.~R.~P. and {Wilson}, C.~D. and {Parkin}, T.~J. and {Kamenetzky}, J. and {Glenn}, J. and others},
	Date-Added = {2014-09-30 00:15:00 +0000},
	Date-Modified = {2014-09-30 00:22:07 +0000},
	Doi = {10.1088/0004-637X/781/2/101},
	Eid = {101},
	Eprint = {1312.2522},
	Journal = {\apj},
	Keywords = {galaxies: individual: NGC 4038 NGC 4039, galaxies: interactions, infrared: galaxies, ISM: molecules, submillimeter: galaxies},
	Month = feb,
	Pages = {101},
	Primaryclass = {astro-ph.GA},
	Title = {{Herschel-SPIRE Fourier Transform Spectrometer Observations of Excited CO and [C I] in the Antennae (NGC 4038/39): Warm and Cold Molecular Gas}},
	Volume = 781,
	Year = 2014,
	Bdsk-Url-1 = {http://dx.doi.org/10.1088/0004-637X/781/2/101}}

@article{Sanders2003,
	Adsnote = {Provided by the SAO/NASA Astrophysics Data System},
	Adsurl = {http://adsabs.harvard.edu/abs/2003AJ....126.1607S},
	Author = {{Sanders}, D.~B. and {Mazzarella}, J.~M. and {Kim}, D.-C. and {Surace}, J.~A. and {Soifer}, B.~T.},
	Date-Added = {2014-09-30 00:14:32 +0000},
	Date-Modified = {2014-09-30 00:14:35 +0000},
	Doi = {10.1086/376841},
	Eprint = {astro-ph/0306263},
	Journal = {\aj},
	Keywords = {Galaxies: General, Infrared Radiation},
	Month = oct,
	Pages = {1607-1664},
	Title = {{The IRAS Revised Bright Galaxy Sample}},
	Volume = 126,
	Year = 2003,
	Bdsk-Url-1 = {http://dx.doi.org/10.1086/376841}}

@article{Rangwala2011,
	Adsnote = {Provided by the SAO/NASA Astrophysics Data System},
	Adsurl = {http://adsabs.harvard.edu/abs/2011ApJ...743...94R},
	Archiveprefix = {arXiv},
	Author = {{Rangwala}, N. and {Maloney}, P.~R. and {Glenn}, J. and {Wilson}, C.~D. and {Rykala}, A. and others},
	Date-Added = {2014-09-30 00:13:59 +0000},
	Date-Modified = {2014-09-30 00:21:45 +0000},
	Doi = {10.1088/0004-637X/743/1/94},
	Eid = {94},
	Eprint = {1106.5054},
	Journal = {\apj},
	Keywords = {galaxies: ISM, galaxies: starburst, ISM: molecules, line: identification, molecular processes, techniques: spectroscopic},
	Month = dec,
	Pages = {94},
	Primaryclass = {astro-ph.CO},
	Title = {{Observations of Arp 220 Using Herschel-SPIRE: An Unprecedented View of the Molecular Gas in an Extreme Star Formation Environment}},
	Volume = 743,
	Year = 2011,
	Bdsk-Url-1 = {http://dx.doi.org/10.1088/0004-637X/743/1/94}}

@article{Puxley1999,
	Adsnote = {Provided by the SAO/NASA Astrophysics Data System},
	Adsurl = {http://adsabs.harvard.edu/abs/1999ApJ...514..675P},
	Author = {{Puxley}, P.~J. and {Brand}, P.~W.~J.~L.},
	Date-Added = {2014-09-30 00:13:32 +0000},
	Date-Modified = {2014-09-30 00:13:36 +0000},
	Doi = {10.1086/306983},
	Journal = {\apj},
	Keywords = {GALAXIES: INDIVIDUAL (NGC 1614), GALAXIES: STARBURST, GALAXIES: STELLAR CONTENT, INFRARED: GALAXIES, galaxies: individual (NGC 1614), Galaxies: Starburst, Galaxies: Stellar Content, Infrared: Galaxies},
	Month = apr,
	Pages = {675-681},
	Title = {{High-Resolution Infrared Spectroscopy and Nuclear Clusters in the Starburst Galaxy NGC 1614}},
	Volume = 514,
	Year = 1999,
	Bdsk-Url-1 = {http://dx.doi.org/10.1086/306983}}

@article{Privon2013,
	Adsnote = {Provided by the SAO/NASA Astrophysics Data System},
	Adsurl = {http://adsabs.harvard.edu/abs/2013ApJ...771..120P},
	Archiveprefix = {arXiv},
	Author = {{Privon}, G.~C. and {Barnes}, J.~E. and {Evans}, A.~S. and {Hibbard}, J.~E. and {Yun}, M.~S. and others},
	Date-Added = {2014-09-30 00:12:57 +0000},
	Date-Modified = {2014-09-30 00:21:24 +0000},
	Doi = {10.1088/0004-637X/771/2/120},
	Eid = {120},
	Eprint = {1305.5865},
	Journal = {\apj},
	Keywords = {galaxies: individual: NGC 5257 NGC 5258 The Mice Antennae NGC 2623, galaxies: interactions, galaxies: kinematics and dynamics},
	Month = jul,
	Pages = {120},
	Primaryclass = {astro-ph.CO},
	Title = {{Dynamical Modeling of Galaxy Mergers Using Identikit}},
	Volume = 771,
	Year = 2013,
	Bdsk-Url-1 = {http://dx.doi.org/10.1088/0004-637X/771/2/120}}

@article{Olsson2010,
	Adsnote = {Provided by the SAO/NASA Astrophysics Data System},
	Adsurl = {http://adsabs.harvard.edu/abs/2010A%26A...513A..11O},
	Archiveprefix = {arXiv},
	Author = {{Olsson}, E. and {Aalto}, S. and {Thomasson}, M. and {Beswick}, R.},
	Date-Added = {2014-09-30 00:12:28 +0000},
	Date-Modified = {2014-09-30 00:12:33 +0000},
	Doi = {10.1051/0004-6361/200811538},
	Eid = {A11},
	Eprint = {1003.2903},
	Journal = {\aap},
	Keywords = {galaxies: evolution, galaxies: individual: NGC 1614, galaxies: starburst, galaxies: active, ISM: molecules, ISM: atoms},
	Month = apr,
	Pages = {A11},
	Primaryclass = {astro-ph.CO},
	Title = {{Star-formation in the central kpc of the starburst/LINER galaxy NGC 1614}},
	Volume = 513,
	Year = 2010,
	Bdsk-Url-1 = {http://dx.doi.org/10.1051/0004-6361/200811538}}

@article{Neff1990,
	Adsnote = {Provided by the SAO/NASA Astrophysics Data System},
	Adsurl = {http://adsabs.harvard.edu/abs/1990AJ.....99.1088N},
	Author = {{Neff}, S.~G. and {Hutchings}, J.~B. and {Standord}, S.~A. and {Unger}, S.~W.},
	Date-Added = {2014-09-30 00:11:50 +0000},
	Date-Modified = {2014-09-30 00:11:59 +0000},
	Doi = {10.1086/115398},
	Journal = {\aj},
	Keywords = {Active Galaxies, Infrared Sources (Astronomy), Active Galactic Nuclei, Charge Coupled Devices, Cosmic Dust, H Alpha Line, Infrared Astronomy Satellite, Very Large Array (Vla)},
	Month = apr,
	Pages = {1088-1099},
	Title = {{NGC 1614 - an IR-luminous merger but not (yet?) an active galaxy}},
	Volume = 99,
	Year = 1990,
	Bdsk-Url-1 = {http://dx.doi.org/10.1086/115398}}

@article{Narayanan2011,
	Adsnote = {Provided by the SAO/NASA Astrophysics Data System},
	Adsurl = {http://adsabs.harvard.edu/abs/2011MNRAS.418..664N},
	Archiveprefix = {arXiv},
	Author = {{Narayanan}, D. and {Krumholz}, M. and {Ostriker}, E.~C. and {Hernquist}, L.},
	Date-Added = {2014-09-30 00:11:15 +0000},
	Date-Modified = {2014-09-30 00:11:21 +0000},
	Doi = {10.1111/j.1365-2966.2011.19516.x},
	Eprint = {1104.4118},
	Journal = {\mnras},
	Keywords = {ISM: clouds, ISM: molecules, galaxies: interactions, galaxies: ISM, galaxies: starburst, galaxies: star formation},
	Month = nov,
	Pages = {664-679},
	Primaryclass = {astro-ph.CO},
	Title = {{The CO-H$_{2}$ conversion factor in disc galaxies and mergers}},
	Volume = 418,
	Year = 2011,
	Bdsk-Url-1 = {http://dx.doi.org/10.1111/j.1365-2966.2011.19516.x}}

@article{Mihos1994,
	Adsnote = {Provided by the SAO/NASA Astrophysics Data System},
	Adsurl = {http://adsabs.harvard.edu/abs/1994ApJ...425L..13M},
	Author = {{Mihos}, J.~C. and {Hernquist}, L.},
	Date-Added = {2014-09-30 00:10:44 +0000},
	Date-Modified = {2014-09-30 00:10:48 +0000},
	Doi = {10.1086/187299},
	Journal = {\apjl},
	Keywords = {Astronomical Models, Computerized Simulation, Cosmology, Disk Galaxies, Dwarf Galaxies, Galactic Evolution, Galactic Structure, Interacting Galaxies, Starburst Galaxies, Deposition, Galactic Bulge, Hydrodynamics, Interstellar Matter, Many Body Problem, Stellar Evolution, Trees (Mathematics)},
	Month = apr,
	Pages = {L13-L16},
	Title = {{Triggering of starbursts in galaxies by minor mergers}},
	Volume = 425,
	Year = 1994,
	Bdsk-Url-1 = {http://dx.doi.org/10.1086/187299}}

@article{Mihos1996,
	Adsnote = {Provided by the SAO/NASA Astrophysics Data System},
	Adsurl = {http://adsabs.harvard.edu/abs/1996ApJ...464..641M},
	Author = {{Mihos}, J.~C. and {Hernquist}, L.},
	Date-Added = {2014-09-30 00:10:16 +0000},
	Date-Modified = {2014-09-30 00:10:21 +0000},
	Doi = {10.1086/177353},
	Eprint = {astro-ph/9512099},
	Journal = {\apj},
	Keywords = {GALAXIES: ACTIVE, GALAXIES: INTERACTIONS, GALAXIES: STARBURST, GALAXIES: STRUCTURE, METHODS: NUMERICAL},
	Month = jun,
	Pages = {641},
	Title = {{Gasdynamics and Starbursts in Major Mergers}},
	Volume = 464,
	Year = 1996,
	Bdsk-Url-1 = {http://dx.doi.org/10.1086/177353}}

@article{Langer1990,
	Adsnote = {Provided by the SAO/NASA Astrophysics Data System},
	Adsurl = {http://adsabs.harvard.edu/abs/1990ApJ...357..477L},
	Author = {{Langer}, W.~D. and {Penzias}, A.~A.},
	Date-Added = {2014-09-30 00:09:46 +0000},
	Date-Modified = {2014-09-30 00:09:51 +0000},
	Doi = {10.1086/168935},
	Journal = {\apj},
	Keywords = {Carbon Monoxide, Carbon 13, Interstellar Gas, Milky Way Galaxy, Molecular Clouds, Oxygen 18, Chemical Evolution, Nuclear Astrophysics, Star Formation Rate, Stellar Evolution},
	Month = jul,
	Pages = {477-492},
	Title = {{C-12/C-13 isotope ratio across the Galaxy from observations of C-13/O-18 in molecular clouds}},
	Volume = 357,
	Year = 1990,
	Bdsk-Url-1 = {http://dx.doi.org/10.1086/168935}}

@article{Lacy1994,
	Adsnote = {Provided by the SAO/NASA Astrophysics Data System},
	Adsurl = {http://adsabs.harvard.edu/abs/1994ApJ...428L..69L},
	Author = {{Lacy}, J.~H. and {Knacke}, R. and {Geballe}, T.~R. and {Tokunaga}, A.~T.},
	Date-Added = {2014-09-30 00:09:01 +0000},
	Date-Modified = {2014-09-30 00:09:06 +0000},
	Doi = {10.1086/187395},
	Journal = {\apjl},
	Keywords = {Abundance, Astronomical Models, Carbon Monoxide, Hydrogen, Infrared Absorption, Infrared Astronomy, Molecular Clouds, Arrays, Data Reduction, Infrared Detectors, Spectrographs},
	Month = jun,
	Pages = {L69-L72},
	Title = {{Detection of absorption by H2 in molecular clouds: A direct measurement of the H2:CO ratio}},
	Volume = 428,
	Year = 1994,
	Bdsk-Url-1 = {http://dx.doi.org/10.1086/187395}}

@article{Konig2013,
	Adsnote = {Provided by the SAO/NASA Astrophysics Data System},
	Adsurl = {http://adsabs.harvard.edu/abs/2013A%26A...553A..72K},
	Archiveprefix = {arXiv},
	Author = {{K{\"o}nig}, S. and {Aalto}, S. and {Muller}, S. and {Beswick}, R.~J. and {Gallagher}, J.~S.},
	Date-Added = {2014-09-30 00:08:27 +0000},
	Date-Modified = {2014-09-30 00:08:32 +0000},
	Doi = {10.1051/0004-6361/201220453},
	Eid = {A72},
	Eprint = {1303.1012},
	Journal = {\aap},
	Keywords = {galaxies: active, galaxies: evolution, galaxies: individual: NGC 1614, galaxies: starburst, ISM: molecules},
	Month = may,
	Pages = {A72},
	Primaryclass = {astro-ph.CO},
	Title = {{The <ASTROBJ>NGC 1614</ASTROBJ> interacting galaxy. Molecular gas feeding a ''ring of fire''}},
	Volume = 553,
	Year = 2013,
	Bdsk-Url-1 = {http://dx.doi.org/10.1051/0004-6361/201220453}}

@article{Kamenetzky2012,
	Adsnote = {Provided by the SAO/NASA Astrophysics Data System},
	Adsurl = {http://adsabs.harvard.edu/abs/2012ApJ...753...70K},
	Archiveprefix = {arXiv},
	Author = {{Kamenetzky}, J. and {Glenn}, J. and {Rangwala}, N. and {Maloney}, P. and {Bradford}, M. and others},
	Date-Added = {2014-09-30 00:07:51 +0000},
	Date-Modified = {2014-09-30 00:20:53 +0000},
	Doi = {10.1088/0004-637X/753/1/70},
	Eid = {70},
	Eprint = {1205.0006},
	Journal = {\apj},
	Keywords = {galaxies: individual: M82, galaxies: starburst, ISM: molecules},
	Month = jul,
	Pages = {70},
	Primaryclass = {astro-ph.GA},
	Title = {{Herschel-SPIRE Imaging Spectroscopy of Molecular Gas in M82}},
	Volume = 753,
	Year = 2012,
	Bdsk-Url-1 = {http://dx.doi.org/10.1088/0004-637X/753/1/70}}

@article{Imanishi2013,
	Adsnote = {Provided by the SAO/NASA Astrophysics Data System},
	Adsurl = {http://adsabs.harvard.edu/abs/2013AJ....146...47I},
	Archiveprefix = {arXiv},
	Author = {{Imanishi}, M. and {Nakanishi}, K.},
	Date-Added = {2014-09-30 00:06:43 +0000},
	Date-Modified = {2014-09-30 00:06:49 +0000},
	Doi = {10.1088/0004-6256/146/3/47},
	Eid = {47},
	Eprint = {1307.3694},
	Journal = {\aj},
	Keywords = {galaxies: active, galaxies: nuclei, galaxies: starburst, submillimeter: galaxies},
	Month = sep,
	Pages = {47},
	Primaryclass = {astro-ph.GA},
	Title = {{High-density Molecular Gas Properties of the Starburst Galaxy NGC 1614 Revealed with ALMA}},
	Volume = 146,
	Year = 2013,
	Bdsk-Url-1 = {http://dx.doi.org/10.1088/0004-6256/146/3/47}}

@article{HerreroIllana2014,
	Adsnote = {Provided by the SAO/NASA Astrophysics Data System},
	Adsurl = {http://adsabs.harvard.edu/abs/2014ApJ...786..156H},
	Archiveprefix = {arXiv},
	Author = {{Herrero-Illana}, R. and {P{\'e}rez-Torres}, M.~{\'A}. and {Alonso-Herrero}, A. and {Alberdi}, A. and {Colina}, L. and others},
	Date-Added = {2014-09-30 00:06:02 +0000},
	Date-Modified = {2014-09-30 00:20:27 +0000},
	Doi = {10.1088/0004-637X/786/2/156},
	Eid = {156},
	Eprint = {1403.7201},
	Journal = {\apj},
	Keywords = {galaxies: individual: NGC 1614, galaxies: nuclei, galaxies: starburst, infrared: galaxies, radio continuum: galaxies, supernovae: general},
	Month = may,
	Pages = {156},
	Title = {{A Multi-wavelength View of the Central Kiloparsec Region in the Luminous Infrared Galaxy NGC 1614}},
	Volume = 786,
	Year = 2014,
	Bdsk-Url-1 = {http://dx.doi.org/10.1088/0004-637X/786/2/156}}

@article{Frerking1982,
	Adsnote = {Provided by the SAO/NASA Astrophysics Data System},
	Adsurl = {http://adsabs.harvard.edu/abs/1982ApJ...262..590F},
	Author = {{Frerking}, M.~A. and {Langer}, W.~D. and {Wilson}, R.~W.},
	Date-Added = {2014-09-30 00:05:28 +0000},
	Date-Modified = {2014-09-30 00:05:33 +0000},
	Doi = {10.1086/160451},
	Journal = {\apj},
	Keywords = {Abundance, Carbon Monoxide, Interstellar Extinction, Interstellar Matter, Molecular Clouds, Astronomical Catalogs, Gas Density, Isotopes, Mass},
	Month = nov,
	Pages = {590-605},
	Title = {{The relationship between carbon monoxide abundance and visual extinction in interstellar clouds}},
	Volume = 262,
	Year = 1982,
	Bdsk-Url-1 = {http://dx.doi.org/10.1086/160451}}

@article{Downes1998,
	Adsnote = {Provided by the SAO/NASA Astrophysics Data System},
	Adsurl = {http://adsabs.harvard.edu/abs/1998ApJ...507..615D},
	Author = {{Downes}, D. and {Solomon}, P.~M.},
	Date-Added = {2014-09-30 00:03:58 +0000},
	Date-Modified = {2014-09-30 00:04:03 +0000},
	Doi = {10.1086/306339},
	Eprint = {astro-ph/9806377},
	Journal = {\apj},
	Keywords = {GALAXIES: ISM, GALAXIES: KINEMATICS AND DYNAMICS, GALAXIES: NUCLEI, RADIO LINES: GALAXIES, Galaxies: ISM, Galaxies: Kinematics and Dynamics, Galaxies: Nuclei, Radio Lines: Galaxies},
	Month = nov,
	Pages = {615-654},
	Title = {{Rotating Nuclear Rings and Extreme Starbursts in Ultraluminous Galaxies}},
	Volume = 507,
	Year = 1998,
	Bdsk-Url-1 = {http://dx.doi.org/10.1086/306339}}

@inproceedings{Currie2008,
	Adsnote = {Provided by the SAO/NASA Astrophysics Data System},
	Adsurl = {http://adsabs.harvard.edu/abs/2008ASPC..394..650C},
	Author = {{Currie}, M.~J. and {Draper}, P.~W. and {Berry}, D.~S. and {Jenness}, T. and {Cavanagh}, B. and others},
	Booktitle = {Astronomical Data Analysis Software and Systems XVII},
	Date-Added = {2014-09-29 20:46:09 +0000},
	Date-Modified = {2014-09-30 00:19:57 +0000},
	Editor = {{Argyle}, R.~W. and {Bunclark}, P.~S. and {Lewis}, J.~R.},
	Month = aug,
	Pages = {650},
	Series = {Astronomical Society of the Pacific Conference Series},
	Title = {{Starlink Software Developments}},
	Volume = 394,
	Year = 2008}

@article{Casoli1992,
	Adsnote = {Provided by the SAO/NASA Astrophysics Data System},
	Adsurl = {http://adsabs.harvard.edu/abs/1992A%26A...264...55C},
	Author = {{Casoli}, F. and {Dupraz}, C. and {Combes}, F.},
	Date-Added = {2014-09-29 20:45:22 +0000},
	Date-Modified = {2014-09-29 20:45:27 +0000},
	Journal = {\aap},
	Keywords = {Carbon Monoxide, Galactic Evolution, Interacting Galaxies, Abundance, Astronomical Spectroscopy, Galactic Nuclei, Luminosity, Molecular Gases, Nuclear Astrophysics},
	Month = oct,
	Pages = {55-67},
	Title = {{The case of missing (C-13)O in mergers}},
	Volume = 264,
	Year = 1992}

@article{Bolatto2013,
	Adsnote = {Provided by the SAO/NASA Astrophysics Data System},
	Adsurl = {http://adsabs.harvard.edu/abs/2013ARA%26A..51..207B},
	Archiveprefix = {arXiv},
	Author = {{Bolatto}, A.~D. and {Wolfire}, M. and {Leroy}, A.~K.},
	Date-Added = {2014-09-29 20:44:38 +0000},
	Date-Modified = {2014-09-29 20:44:43 +0000},
	Doi = {10.1146/annurev-astro-082812-140944},
	Eprint = {1301.3498},
	Journal = {\araa},
	Month = aug,
	Pages = {207-268},
	Primaryclass = {astro-ph.GA},
	Title = {{The CO-to-H$_{2}$ Conversion Factor}},
	Volume = 51,
	Year = 2013,
	Bdsk-Url-1 = {http://dx.doi.org/10.1146/annurev-astro-082812-140944}}

@article{AlonsoHerrero2001,
	Adsnote = {Provided by the SAO/NASA Astrophysics Data System},
	Adsurl = {http://adsabs.harvard.edu/abs/2001ApJ...546..952A},
	Author = {{Alonso-Herrero}, A. and {Engelbracht}, C.~W. and {Rieke}, M.~J. and {Rieke}, G.~H. and {Quillen}, A.~C.},
	Date-Added = {2014-09-29 20:44:00 +0000},
	Date-Modified = {2014-09-30 00:24:02 +0000},
	Doi = {10.1086/318282},
	Eprint = {astro-ph/0008317},
	Journal = {\apj},
	Keywords = {Galaxies: Active, Galaxies: Individual: NGC Number: NGC 1614, Galaxies: Nuclei, Galaxies: Photometry, Galaxies: Stellar Content, Infrared: Galaxies},
	Month = jan,
	Pages = {952-965},
	Title = {{NGC 1614: A Laboratory for Starburst Evolution}},
	Volume = 546,
	Year = 2001,
	Bdsk-Url-1 = {http://dx.doi.org/10.1086/318282}}
